
% Literatura

@ARTICLE{fleischer2005,
    author = "Mark Fleischer",
    title = "Foundations of Swarm Intelligence: From Principles to Practice",
    year = "2005",
    eprint = "nlin/0502003",
    doi = ""
}

@ARTICLE{Dorigo06antcolony,
    author = {Marco Dorigo and Mauro Birattari and Thomas Stützle},
    title = {Ant Colony Optimization – Artificial Ants as a Computational Intelligence Technique},
    journal = {IEEE Comput. Intell. Mag},
    year = {2006},
    volume = {1},
    pages = {28--39}
}

@INCOLLECTION{Blum08SwarmOpt,
    author    = {Christian Blum and
                 Xiaodong Li},
    title     = {Swarm Intelligence in Optimization},
    booktitle = {Swarm Intelligence},
    year      = {2008},
    pages     = {43-85},
    doi       = {http://dx.doi.org/10.1007/978-3-540-74089-6_2},
}

@BOOK{Blum08SwarmInt,
    author = {Blum, Christian and Merkle, Daniel},
    title = {Swarm Intelligence: Introduction and Applications},
    year = {2008},
    isbn = {3540740880, 9783540740889},
    edition = {1},
    publisher = {Springer Publishing Company, Incorporated},
} 

@INPROCEEDINGS{Dudek93,
    author = {Dudek, G. and Jenkin, M. R. M. and Wilkes, D.},
    booktitle = {Proceeding on the IEEE/RSJ International Conference on Intelligent Robotic Systems},
    pages = {441--447},
    publisher = {IEEE},
    title = {{A Taxonomy for Swarm Robots}},
    year = {1993}
}


